<record xmlns="http://www.loc.gov/MARC21/slim" xmlns:xsi="http://www.w3.org/2001/XMLSchema-instance" xsi:schemaLocation="http://www.loc.gov/MARC21/slim http://www.loc.gov/standards/marcxml/schema/MARC21slim.xsd"><leader>     nam a22        4500</leader><controlfield tag="001">001682094</controlfield><controlfield tag="003">NNU</controlfield><controlfield tag="006">m        d        </controlfield><controlfield tag="007">cr cn |||m|||a</controlfield><controlfield tag="008">150313s1968    iq ach  o     000 0 arar </controlfield><datafield ind1=" " ind2=" " tag="040"><subfield code="a">NNU</subfield><subfield code="b">eng</subfield><subfield code="c">NNU</subfield></datafield><datafield ind1=" " ind2=" " tag="043"><subfield code="a">a-iq---</subfield></datafield><datafield ind1="0" ind2=" " tag="050"><subfield code="a">PN5449.I7</subfield><subfield code="b">B78</subfield></datafield><datafield ind1="1" ind2=" " tag="100"><subfield code="a">Bu&#7789;&#7789;&#299;, F&#257;&#700;iq.</subfield></datafield><datafield ind1="1" ind2="0" tag="245"><subfield code="a">&#7778;i&#7717;&#257;fat al-&#699;Ir&#257;q</subfield><subfield code="h">[electronic resource] :</subfield><subfield code="b">t&#257;r&#299;khuh&#257; wa-kif&#257;&#7717; ajy&#257;lih&#257;</subfield><subfield code="c">[ta&#700;l&#299;f] F&#257;&#700;iq Bu&#7789;&#7789;&#299;.</subfield></datafield><datafield ind1=" " ind2=" " tag="260"><subfield code="a">[Baghd&#257;d]</subfield><subfield code="b">Ma&#7789;ba&#699;at al-Ad&#299;b al-Baghd&#257;d&#299;yah</subfield><subfield code="c">[1968]</subfield></datafield><datafield ind1=" " ind2=" " tag="300"><subfield code="a">online resource (228 p.) :</subfield><subfield code="b">illus., facsims., ports.</subfield></datafield><datafield ind1=" " ind2=" " tag="500"><subfield code="a">Part of the Arabic Collections Online (ACO) project, contributed by New York Univeristy Libraries.</subfield></datafield><datafield ind1=" " ind2=" " tag="533"><subfield code="a">Electronic reproduction.</subfield><subfield code="b">New York, N.Y. :</subfield><subfield code="c">New York University,</subfield><subfield code="d">2015.</subfield><subfield code="5">NNU</subfield></datafield><datafield ind1=" " ind2="0" tag="650"><subfield code="a">Iraqi newspapers</subfield><subfield code="x">History.</subfield></datafield><datafield ind1="2" ind2=" " tag="710"><subfield code="a">New York University.</subfield><subfield code="b">Libraries.</subfield></datafield><datafield ind1="0" ind2=" " tag="730"><subfield code="a">Arabic Collections Online.</subfield></datafield><datafield ind1="0" ind2="8" tag="776"><subfield code="i">Print version:</subfield><subfield code="a">Bu&#7789;&#7789;&#299;, F&#257;&#700;iq.</subfield><subfield code="t">&#7778;i&#7717;&#257;fat al-&#699;Ir&#257;q</subfield><subfield code="w">(NNU)001682094</subfield><subfield code="w">(DLC)73962192 /NE</subfield></datafield><datafield ind1="4" ind2="0" tag="856"><subfield code="u">http://hdl.handle.net/2333.1/m0cfxs4x</subfield></datafield><datafield ind1=" " ind2=" " tag="959"><subfield code="a">NNU</subfield><subfield code="b">WEB</subfield><subfield code="c">GENI</subfield><subfield code="t">0</subfield><subfield code="m">Electronic access</subfield><subfield code="s">01</subfield></datafield><datafield ind1=" " ind2=" " tag="999"><subfield code="i">NNU_001682094</subfield><subfield code="s">nyu_aco000601</subfield><subfield code="e">(ERROR-880)</subfield></datafield></record>